@book{progit,
  author = {Scott Chacon and Ben Straub},
  title = {Pro Git},
  publisher = {Apress},
  year = {2014},
  ISBN = {1484200772} }
@online{composer:docs:intro,
   author = "Composer Community",
   title = "Introduction - Composer",
   year = "2017",
   url = {https://getcomposer.org/doc/00-intro.md},
   lastchecked = {21.04.2017} }
@online{tyinternety:rohlik-billion,
   author = "Matt Jedlička",
   title = "Rohlik.cz loni prodal zboží za miliardu, letos chce konečně zisk",
   year = "2017",
   url = {http://tyinternety.cz/e-commerce/rohlik-cz-loni-dosahl-na-miliardovy-obrat-letos-chce-konecne-zisk/},
   lastchecked = {21.04.2017} }
@online{packagist:kdyby,
   title = "Packages from kdyby - Packagist",
   year = "2017",
   url = {https://packagist.org/packages/kdyby/},
   lastchecked = {21.04.2017} }
@online{packagist:homepage,
   title = "Packages from kdyby - Packagist",
   year = "2017",
   url = {https://packagist.org/},
   lastchecked = {21.04.2017} }
@online{monolog:readme,
   author = "Jordi Boggiano",
   title = "Monolog - Logging for PHP",
   year = "2017",
   url = {https://seldaek.github.io/monolog/},
   lastchecked = {21.04.2017} }
@online{fig:psr,
   author = "PHP Framework Interop Group",
   title = "PHP Standards Recommendations",
   year = "2017",
   url = {http://www.php-fig.org/psr/},
   lastchecked = {21.04.2017} }
@online{github:phpstan,
   author = "Ondřej Mirtes",
   title = "PHPStan - PHP Static Analysis Tool",
   year = "2017",
   url = {https://github.com/phpstan/phpstan},
   lastchecked = {21.04.2017} }
@online{tester:docs,
   author = "David Grudl",
   title = "Nette Tester – enjoyable unit testing",
   year = "2017",
   url = {https://tester.nette.org/en/},
   lastchecked = {21.04.2017} }
@online{fowler:di,
   author = "Martin Fowler",
   title = "Inversion of Control Containers and the Dependency Injection pattern",
   year = "2004",
   url = {https://martinfowler.com/articles/injection.html},
   lastchecked = {21.04.2017} }
@online{php:phar,
   author = "PHP community",
   title = "PHP Manual - Function Reference - Compression and Archive Extensions - Phar",
   year = "2017",
   url = {http://php.net/manual/en/intro.phar.php},
   lastchecked = {24.05.2017} }
@online{consistence:coding-standard,
   author = "Vašek Purchart",
   title = "Consistence Coding Standard",
   year = "2017",
   url = {https://github.com/consistence/coding-standard/blob/cb0d087e12256c9b3fa6901ca5ae9a4d0e0cb3bd/consistence-coding-standard.md},
   lastchecked = {28.05.2017} }
@online{nette:coding-standard,
   author = "Nette Foundation",
   title = "Nette Coding Standard",
   year = "2017",
   url = {https://nette.org/en/coding-standard},
   lastchecked = {28.05.2017} }
@online{php:manual:null,
   author = "The PHP Group",
   title = "PHP Manual - Language Reference - Types - NULL",
   year = "2017",
   url = {https://secure.php.net/manual/en/language.types.null.php},
   lastchecked = {28.05.2017} }
@online{php:manual:boolean,
   author = "The PHP Group",
   title = "PHP Manual - Language Reference - Types - Booleans",
   year = "2017",
   url = {https://secure.php.net/manual/en/language.types.boolean.php},
   lastchecked = {28.05.2017} }
@online{php:manual:about,
   author = "The PHP Group",
   title = "PHP Manual - What is PHP?",
   year = "2017",
   url = {https://secure.php.net/manual/en/intro-whatis.php},
   lastchecked = {28.05.2017} }
@online{fsf:free-software,
   author = "Free Software Foundation",
   title = "What is free software and why is it so important for society?",
   year = "2017",
   url = {https://www.fsf.org/about/what-is-free-software},
   lastchecked = {28.05.2017} }
@article{kiczales1997aspect,
  title={Aspect-oriented programming},
  author={Kiczales, Gregor and Lamping, John and Mendhekar, Anurag and Maeda, Chris and Lopes, Cristina and Loingtier, Jean-Marc and Irwin, John},
  journal={ECOOP'97—Object-oriented programming},
  pages={220--242},
  year={1997},
  publisher={Springer} }
@online{nette:introduction,
   author = "Nette Foundation",
   title = "Introduction to Nette Framework",
   year = "2017",
   url = {https://doc.nette.org/en/2.4/getting-started},
   lastchecked = {28.05.2017} }
@article{vlissides1995design,
  title={Design patterns: Elements of reusable object-oriented software},
  author={Vlissides, John and Helm, Richard and Johnson, Ralph and Gamma, Erich},
  journal={Reading: Addison-Wesley},
  volume={49},
  number={120},
  pages={11},
  year={1995} }
@article{fowler2006continuous,
  title={Continuous integration},
  author={Fowler, Martin and Foemmel, Matthew},
  journal={Thought-Works) http://www.thoughtworks.com/ContinuousIntegration.pdf},
  pages={122},
  year={2006} }
@book{boyd2012getting,
  title={Getting started with OAuth 2.0},
  author={Boyd, Ryan},
  year={2012},
  publisher={" O'Reilly Media, Inc."} }
@online{rabbitmq:features,
   author = "Pivotal Software, Inc",
   title = "What can RabbitMQ do for you?",
   year = "2017",
   url = {https://www.rabbitmq.com/features.html},
   lastchecked = {28.05.2017} }
@book{gormley2015elasticsearch,
  title={Elasticsearch: The Definitive Guide},
  author={Gormley, Clinton and Tong, Zachary},
  year={2015},
  publisher={" O'Reilly Media, Inc."} }
@online{redis:about,
   author = "Salvatore Sanfilippo",
   title = "Redis",
   year = "2017",
   url = {https://redis.io/},
   lastchecked = {28.05.2017} }
@book{fowler2002patterns,
  title={Patterns of enterprise application architecture},
  author={Fowler, Martin},
  year={2002},
  publisher={Addison-Wesley Longman Publishing Co., Inc.} }
@online{symfony:introduction,
   author = "SensioLabs",
   title = "What is Symfony",
   year = "2017",
   url = {http://symfony.com/what-is-symfony},
   lastchecked = {28.05.2017} }
